@article{DBLP:journals/corr/LedigTHCATTWS16,
  author    = {Christian Ledig and
               Lucas Theis and
               Ferenc Huszar and
               Jose Caballero and
               Andrew P. Aitken and
               Alykhan Tejani and
               Johannes Totz and
               Zehan Wang and
               Wenzhe Shi},
  title     = {Photo-Realistic Single Image Super-Resolution Using a Generative Adversarial
               Network},
  journal   = {CoRR},
  volume    = {abs/1609.04802},
  year      = {2016},
  url       = {http://arxiv.org/abs/1609.04802},
  archivePrefix = {arXiv},
  eprint    = {1609.04802},
  timestamp = {Mon, 13 Aug 2018 16:48:38 +0200},
  biburl    = {https://dblp.org/rec/journals/corr/LedigTHCATTWS16.bib},
  bibsource = {dblp computer science bibliography, https://dblp.org}
}

@INPROCEEDINGS{Gohshi,  
  author={S. {Gohshi}},  
  booktitle={2015 12th International Joint Conference on e-Business and Telecommunications (ICETE)},   
  title={Real-time super resolution algorithm for security cameras},   
  year={2015},  
  volume={05},  
  number={},  
  pages={92-97},  
  doi={}}   